@misc{raspberrypi,
  author       = {kilograham},
  howpublished = "\url{https://github.com/raspberrypi/pico-sdk}",
  title        = {Raspberrypi/Pico-SDK},
  year         = {2022}
}

@misc{William_2022,
  author       = {William, Wayne},
  howpublished = "\url{https://bionicsforeveryone.com/bionic-arms-hands/}",
  title        = {A Complete Guide to Bionic Arms & Hands},
  year         = {2020},
}
@misc{batteries_comp,
  author       = {Huai Chuanfeng, Liu Pingan, Jia Xueyan},
  title        = {Measurement and analysis for lithium battery of high-rate discharge performance},
  year         = {2011}
  
}
@misc{robu_batteries,
    author =  {robu.in},
    howpublished    = "\url{https://robu.in/lithium-ion-battery-vs-li-po-battery/}",
    title ={Lithium-ion Battery vs Lithium-polymer Battery},
    year         = {Accessed Jan 4,2023},
}
@misc{arduino,
  author       = {Arduino.cc},
  howpublished = "\url{https://docs.arduino.cc/software/ide-v1/tutorials/arduino-ide-v1-basics}",
  title        = {Arduino Integrated Development Environment (IDE) v1},
  year         = {Accessed Dec 10, 2022}
}
@misc{filterEmg,
  author          = {Volker Zschorlic},
  title           = {Digital filtering of EMG-signals},
  url             = "\url{https://www.researchgate.net/publication/322926361_Digital_filtering_of_EMG-signals}",
  year            = {Apirl 1989}
}
@misc{lowppassfilter,
  author       = {curiores},
  howpublished = "\url{https://github.com/curiores/ArduinoTutorials/tree/main/BasicFilters/ArduinoImplementations/LowPass/LowPass2.0}",
  title        = {LowPass2.0},
  year         = {Accessed Dec 27,2022}
}

@misc{tensorflow,
  author       = {TensorFlow},
  howpublished = "\url{https://www.tensorflow.org/lite/microcontrollers}",
  title        = {TensorFlow Lite for Microcontrollers},
  year         = {Accessed Dec 10,2022}
}
@misc{pico,
  author       = {Raspberrypi},
  title        = {Raspberry Pi Documentation},
  year         = {Accessed 3 Jan, 2023}
}